@article{Hoffmann01theff,
    author = {J\"org Hoffmann and Bernhard Nebel},
    title = {The FF planning system: Fast plan generation through heuristic search},
    journal = {Journal of Artificial Intelligence Research},
    year = {2001},
    volume = {14},
    pages = {2001}
}

@article{FFReplan,
  title={FF-Replan: A Baseline for Probabilistic Planning},
  author={S. Yoon, A. Fern and R. Givan},
  journal={},
  volume={},
  number={},
  pages={},
  year={2007},
  publisher={American Association for Artificial Intelligence}
}

@inproceedings{teichteil2010incremental,
  title={Incremental plan aggregation for generating policies in MDPs},
  author={Teichteil-K{\"o}nigsbuch, Florent and Kuter, Ugur and Infantes, Guillaume},
  booktitle={Proceedings of the 9th International Conference on Autonomous Agents and Multiagent Systems: volume 1-Volume 1},
  pages={1231--1238},
  year={2010},
  organization={International Foundation for Autonomous Agents and Multiagent Systems}
}

@inproceedings{yoon2008probabilistic,
  title={Probabilistic Planning via Determinization in Hindsight.},
  author={Yoon, Sung Wook and Fern, Alan and Givan, Robert and Kambhampati, Subbarao},
  booktitle={AAAI},
  pages={1010--1016},
  year={2008}
}

@inproceedings{teichteil2012fast,
  title={Fast Incremental Policy Compilation from Plans in Hybrid Probabilistic Domains.},
  author={Teichteil-K{\"o}nigsbuch, Florent},
  year={2012}
}

@inproceedings{bonet2011planning,
  title={Planning under partial observability by classical replanning: Theory and experiments},
  author={Bonet, Blai and Geffner, Hector},
  booktitle={Proceedings of the Twenty-Second international joint conference on Artificial Intelligence-Volume Volume Three},
  pages={1936--1941},
  year={2011},
  organization={AAAI Press}
}

@inproceedings{Blum99probabilisticplanning,
    author = {Avrim Blum and John C. Langford},
    title = {Probabilistic Planning in the Graphplan Framework},
    booktitle = {IN PROCEEDINGS OF THE FIFTH EUROPEAN CONFERENCE ON PLANNING},
    year = {1999},
    pages = {8--12},
    publisher = {}
}

@inproceedings{taig2013compiling,
  title={Compiling Conformant Probabilistic Planning Problems into Classical Planning},
  author={Taig, Ran and Brafman, Ronen I},
  booktitle={Twenty-Third International Conference on Automated Planning and Scheduling},
  year={2013}
}
