% http://ac.els-cdn.com/000437029400087H/1-s2.0-000437029400087H-main.pdf?_tid=947fc5e8-9f90-11e3-8e9d-00000aab0f02&acdnat=1393493086_999e33194869e68f4e961e592850cc4e
@article{kushmerick1995algorithm,
  title={An algorithm for probabilistic planning},
  author={Kushmerick, Nicholas and Hanks, Steve and Weld, Daniel S},
  journal={Artificial Intelligence},
  volume={76},
  number={1},
  pages={239--286},
  year={1995},
  publisher={Elsevier}
}

% http://18.7.29.232/bitstream/handle/1721.1/6588/AIM-1339.pdf
@article{mcallester1991systematic,
  title={Systematic nonlinear planning},
  author={McAllester, David and Rosenblatt, David},
  year={1991}
}

% http://bi.snu.ac.kr/Info/AI/STRIPS.pdf
@article{fikes1971strips,
  title={STRIPS: A New Approach to the Application of. Theorem Proving to Problem Solving'},
  author={Fikes, Richard E and NHsson, Nils J},
  journal={Artificial Intelligence},
  volume={2},
  pages={189--208},
  year={1971}
}

% http://elvex.ugr.es/decsai/iaio/doc/1993%20STRIPS%20Retrospective.pdf
@article{fikes1994strips,
  title={STRIPS, a retrospective},
  author={Fikes, Richard E and Nilsson, Nils J},
  journal={Artificial intelligence in perspective},
  volume={227},
  year={1994},
  publisher={MIT Press}
}
